@article{1961AnPhy..13..379Y,
       author = {{Yennie}, D.~R. and {Frautschi}, S.~C. and {Suura}, H.},
        title = "{The infrared divergence phenomena and high-energy processes}",
      journal = {Annals of Physics},
         year = "1961",
        month = "Jun",
       volume = {13},
       number = {3},
        pages = {379-452},
          doi = {10.1016/0003-4916(61)90151-8},
       adsurl = {https://ui.adsabs.harvard.edu/abs/1961AnPhy..13..379Y},
      adsnote = {Provided by the SAO/NASA Astrophysics Data System}
}

@article{Sterman:1981jc,
      author         = "Sterman, George F.",
      title          = "{Infrared divergences in perturbative QCD}",
      booktitle      = "{Proceedings, Conference on Perturbative Quantum
                        Chromodynamics: Tallahassee, Florida, March 25-28, 1981}",
      journal        = "AIP Conf. Proc.",
      volume         = "74",
      year           = "1981",
      pages          = "22-40",
      doi            = "10.1063/1.33099",
      SLACcitation   = "%%CITATION = APCPC,74,22;%%"
}

@article{Gatheral:1983cz,
      author         = "Gatheral, J. G. M.",
      title          = "{Exponentiation of Eikonal Cross-sections in Nonabelian
                        Gauge Theories}",
      journal        = "Phys. Lett.",
      volume         = "133B",
      year           = "1983",
      pages          = "90-94",
      doi            = "10.1016/0370-2693(83)90112-0",
      reportNumber   = "DAMTP 83/3",
      SLACcitation   = "%%CITATION = PHLTA,133B,90;%%"
}

@article{Frenkel:1984pz,
      author         = "Frenkel, J. and Taylor, J. C.",
      title          = "{Non-Abelian Eikonal Exponentiation}",
      journal        = "Nucl. Phys.",
      volume         = "B246",
      year           = "1984",
      pages          = "231-245",
      doi            = "10.1016/0550-3213(84)90294-3",
      reportNumber   = "DAMTP-84/1",
      SLACcitation   = "%%CITATION = NUPHA,B246,231;%%"
}


@article{White:2015wha,
      author         = "White, C. D.",
      title          = "{An Introduction to Webs}",
      journal        = "J. Phys.",
      volume         = "G43",
      year           = "2016",
      number         = "3",
      pages          = "033002",
      doi            = "10.1088/0954-3899/43/3/033002",
      eprint         = "1507.02167",
      archivePrefix  = "arXiv",
      primaryClass   = "hep-ph",
      SLACcitation   = "%%CITATION = ARXIV:1507.02167;%%"
}

@article{Laenen_2009,
	doi = {10.1088/1126-6708/2009/03/054},
	url = {https://doi.org/10.1088%2F1126-6708%2F2009%2F03%2F054},
	year = 2009,
	month = {mar},
	publisher = {Springer Science and Business Media {LLC}},
	volume = {2009},
	number = {03},
	pages = {054--054},
	author = {Eric Laenen and Gerben Stavenga and Chris D White},
	title = "{Path integral approach to eikonal and next-to-eikonal exponentiation}",
	journal = {Journal of High Energy Physics},
}

@article{Laenen:2008gt,
      author         = "Laenen, Eric and Stavenga, Gerben and White, Chris D.",
      title          = "{Path integral approach to eikonal and next-to-eikonal
                        exponentiation}",
      journal        = "JHEP",
      volume         = "03",
      year           = "2009",
      pages          = "054",
      doi            = "10.1088/1126-6708/2009/03/054",
      eprint         = "0811.2067",
      archivePrefix  = "arXiv",
      primaryClass   = "hep-ph",
      reportNumber   = "ITP-UU-08-70, NIKHEF-2008-33, ITFA-2008-44",
      SLACcitation   = "%%CITATION = ARXIV:0811.2067;%%"
}

@article{Korchemsky:1992xv,
      author         = "Korchemsky, G. P. and Marchesini, G.",
      title          = "{Structure function for large x and renormalization of
                        Wilson loop}",
      journal        = "Nucl. Phys.",
      volume         = "B406",
      year           = "1993",
      pages          = "225-258",
      doi            = "10.1016/0550-3213(93)90167-N",
      eprint         = "hep-ph/9210281",
      archivePrefix  = "arXiv",
      primaryClass   = "hep-ph",
      reportNumber   = "UPRF-92-354",
      SLACcitation   = "%%CITATION = HEP-PH/9210281;%%"
}

@article{Mezard:1991tt,
      author         = "Mezard, Marc and Parisi, Giorgio",
      title          = "{Replica field theory for random manifolds}",
      year           = "1991",
      reportNumber   = "LPTENS-90-28",
      SLACcitation   = "%%CITATION = LPTENS-90-28;%%"
}

@article{Drell:1970wh,
      author         = "Drell, S. D. and Yan, Tung-Mow",
      title          = "{Massive Lepton Pair Production in Hadron-Hadron
                        Collisions at High-Energies}",
      journal        = "Phys. Rev. Lett.",
      volume         = "25",
      year           = "1970",
      pages          = "316-320",
      doi            = "10.1103/PhysRevLett.25.316, 10.1103/PhysRevLett.25.902.2",
      note           = "[Erratum: Phys. Rev. Lett.25,902(1970)]",
      reportNumber   = "SLAC-PUB-0755",
      SLACcitation   = "%%CITATION = PRLTA,25,316;%%"
}

@article{Altarelli:1977zs,
      author         = "Altarelli, Guido and Parisi, G.",
      title          = "{Asymptotic Freedom in Parton Language}",
      journal        = "Nucl. Phys.",
      volume         = "B126",
      year           = "1977",
      pages          = "298-318",
      doi            = "10.1016/0550-3213(77)90384-4",
      reportNumber   = "LPTENS-77-6",
      SLACcitation   = "%%CITATION = NUPHA,B126,298;%%"
}

@article{Nason:1987,
      author         = "Nason, P. and Dawson, S. and Ellis, R. Keith",
      title          = "{The Total Cross-Section for the Production of Heavy
                        Quarks in Hadronic Collisions}",
      journal        = "Nucl. Phys.",
      volume         = "B303",
      year           = "1988",
      pages          = "607-633",
      doi            = "10.1016/0550-3213(88)90422-1",
      reportNumber   = "FERMILAB-PUB-87-222-T, BNL-40718",
      SLACcitation   = "%%CITATION = NUPHA,B303,607;%%"
}

@article{Beenakker:1989,
  title = {QCD corrections to heavy-quark production in p\overline{p} collisions},
  author = {Beenakker, W. and Kuijf, H. and van Neerven, W. L. and Smith, J.},
  journal = {Phys. Rev. D},
  volume = {40},
  issue = {1},
  pages = {54--82},
  numpages = {0},
  year = {1989},
  month = {Jul},
  publisher = {American Physical Society},
  doi = {10.1103/PhysRevD.40.54},
  url = {https://link.aps.org/doi/10.1103/PhysRevD.40.54}
}

@article{Beenakker:2009,
      author         = "Beenakker, Wim and Brensing, Silja and Kramer, Michael
                        and Kulesza, Anna and Laenen, Eric and Niessen, Irene",
      title          = "{Soft-gluon resummation for squark and gluino
                        hadroproduction}",
      journal        = "JHEP",
      volume         = "12",
      year           = "2009",
      pages          = "041",
      doi            = "10.1088/1126-6708/2009/12/041",
      eprint         = "0909.4418",
      archivePrefix  = "arXiv",
      primaryClass   = "hep-ph",
      reportNumber   = "ITP-UU-09-33, NIKHEF-2009-015",
      SLACcitation   = "%%CITATION = ARXIV:0909.4418;%%"
}


@article{Sterman:1986aj,
      author         = "Sterman, George F.",
      title          = "{Summation of Large Corrections to Short Distance
                        Hadronic Cross-Sections}",
      journal        = "Nucl. Phys.",
      volume         = "B281",
      year           = "1987",
      pages          = "310-364",
      doi            = "10.1016/0550-3213(87)90258-6",
      reportNumber   = "Print-86-0873 (IAS,PRINCETON)",
      SLACcitation   = "%%CITATION = NUPHA,B281,310;%%"
}

@article{CATANI1989,
   author = {{Catani}, S. and {Trentadue}, L.},
    title = "{Resummation of the QCD perturbative series for hard processes}",
  journal = {Nuclear Physics B},
     year = 1989,
    month = nov,
   volume = 327,
    pages = {323-352},
      doi = {10.1016/0550-3213(89)90273-3},
   adsurl = {http://adsabs.harvard.edu/abs/1989NuPhB.327..323C},
  adsnote = {Provided by the SAO/NASA Astrophysics Data System}
}


@book{Ellis1996QCDAC,
    AUTHOR = "{R.K. Ellis, W.J. Stirling and B.R. Webber}",
     TITLE = "{QCD and Collider Physics}",
    PUBLISHER = "{Cambridge University Press}",
      YEAR = "{1996}",
      URL = {}
}



@article{Nucl,
  title = {},
  author = {W. Beenakker, R. H Ìˆopker, M. Spira and P. M. Zerwa},
  journal = {Phys. Rev.},
  volume = {},
  issue = {},
  pages = {51},
  numpages = {0},
  year = {1997},
  month = {},
  publisher = {},
  doi = {Nucl. Phys. B 49},
  url = {}
}

@article{Ritbergen,
    author = {T.van Ritbergen, J.A.M Vermaseren and S.A Larin},
    year = {1997},
    month = {06},
    pages = {379},
    doi = {Phys. Lett. B 400},
    title = {}
}


@article{Narison,
    author = {Narison, Stephan},
    year = {2002},
    month = {06},
    pages = {},
    title = {QCD as a Theory of Hadrons : from Partons to Confinement}
}

@article{KULESZA:2009,
  title = "{Soft gluon resummation for the production of gluino-gluino and squark-antisquark pairs at the LHC}",
  author = {Kulesza, A. and Motyka, L.},
  journal = {Phys. Rev. D},
  volume = {80},
  issue = {9},
  pages = {095004},
  numpages = {23},
  year = {2009},
  month = {Nov},
  publisher = {American Physical Society},
  doi = {10.1103/PhysRevD.80.095004},
  url = {https://link.aps.org/doi/10.1103/PhysRevD.80.095004}
}

@article{KULESZA:2002,
  title = "{Joint resummation in electroweak boson production}",
  author = {Kulesza, Anna and Sterman, George and Vogelsang, Werner},
  journal = {Phys. Rev. D},
  volume = {66},
  issue = {1},
  pages = {014011},
  numpages = {15},
  year = {2002},
  month = {Jul},
  publisher = {American Physical Society},
  doi = "{10.1103/PhysRevD.66.014011}",
  url = "{https://link.aps.org/doi/10.1103/PhysRevD.66.014011}"
}

@article{Catani:1996,
      author         = "Catani, Stefano and Mangano, Michelangelo L. and Nason,
                        Paolo and Trentadue, Luca",
      title          = "{The Resummation of soft gluons in hadronic collisions}",
      journal        = "Nucl. Phys.",
      volume         = "B478",
      year           = "1996",
      pages          = "273-310",
      doi            = "10.1016/0550-3213(96)00399-9",
      eprint         = "hep-ph/9604351",
      archivePrefix  = "arXiv",
      primaryClass   = "hep-ph",
      reportNumber   = "CERN-TH-96-86",
      SLACcitation   = "%%CITATION = HEP-PH/9604351;%%"
}

@article{Schmidt,
author = {Schmidt, Timo},
year = {2015},
month = {06},
pages = {},
title = {Higgs Boson Production via Gluon Fusion at Hadron Colliders: Soft Gluon Resummation with Mass Effects}
}

@article{PhysRev.96.191,
  title = "{Conservation of Isotopic Spin and Isotopic Gauge Invariance}",
  author = {Yang, C. N. and Mills, R. L.},
  journal = {Phys. Rev.},
  volume = {96},
  issue = {1},
  pages = {191--195},
  numpages = {0},
  year = {1954},
  month = {Oct},
  publisher = {American Physical Society},
  doi = {10.1103/PhysRev.96.191},
  url = {https://link.aps.org/doi/10.1103/PhysRev.96.191}
}

@article{Drechsler:1977eu,
      author         = "Drechsler, W. and Mayer, M. E.",
      title          = "{Fiber Bundle Techniques in Gauge Theories. Lectures at
                        the University of Texas, Austin}",
      journal        = "Lect. Notes Phys.",
      volume         = "67",
      year           = "1977",
      pages          = "1-248",
      SLACcitation   = "%%CITATION = LNPHA,67,1;%%"
}

@article{RevModPhys.13.203,
  title = "{Relativistic Field Theories of Elementary Particles}",
  author = {Pauli, W.},
  journal = {Rev. Mod. Phys.},
  volume = {13},
  issue = {3},
  pages = {203--232},
  numpages = {0},
  year = {1941},
  month = {Jul},
  publisher = {American Physical Society},
  doi = {10.1103/RevModPhys.13.203},
  url = {https://link.aps.org/doi/10.1103/RevModPhys.13.203}
}

@article{Martin:1997ns,
      author         = "Martin, Stephen P.",
      title          = "{A Supersymmetry primer}",
      year           = "1997",
      pages          = "1-98",
      doi            = "10.1142/9789812839657_0001, 10.1142/9789814307505_0001",
      note           = "[Adv. Ser. Direct. High Energy Phys.18,1(1998)]",
      eprint         = "hep-ph/9709356",
      archivePrefix  = "arXiv",
      primaryClass   = "hep-ph",
      reportNumber   = "FERMILAB-PUB-97-425-T",
      SLACcitation   = "%%CITATION = HEP-PH/9709356;%%"
}

@article{Christenson:1970um,
      author         = "Christenson, J. H. and Hicks, G. S. and Lederman, L. M.
                        and Limon, P. J. and Pope, B. G. and Zavattini, E.",
      title          = "{Observation of massive muon pairs in hadron collisions}",
      journal        = "Phys. Rev. Lett.",
      volume         = "25",
      year           = "1970",
      pages          = "1523-1526",
      doi            = "10.1103/PhysRevLett.25.1523",
      SLACcitation   = "%%CITATION = PRLTA,25,1523;%%"
}

@article{Collins:1989gx,
      author         = "Collins, John C. and Soper, Davison E. and Sterman,
                        George F.",
      title          = "{Factorization of Hard Processes in QCD}",
      journal        = "Adv. Ser. Direct. High Energy Phys.",
      volume         = "5",
      year           = "1989",
      pages          = "1-91",
      doi            = "10.1142/9789814503266_0001",
      eprint         = "hep-ph/0409313",
      archivePrefix  = "arXiv",
      primaryClass   = "hep-ph",
      reportNumber   = "ITP-SB-89-31",
      SLACcitation   = "%%CITATION = HEP-PH/0409313;%%"
}

@article{Parisi:1979xd,
      author         = "Parisi, G.",
      title          = "{Summing Large Perturbative Corrections in QCD}",
      journal        = "Phys. Lett.",
      volume         = "90B",
      year           = "1980",
      pages          = "295-296",
      doi            = "10.1016/0370-2693(80)90746-7",
      reportNumber   = "LNF-79/71-P",
      SLACcitation   = "%%CITATION = PHLTA,90B,295;%%"
}

@article{Contopanagos:1996nh,
      author         = "Contopanagos, Harry and Laenen, Eric and Sterman, George
                        F.",
      title          = "{Sudakov factorization and resummation}",
      journal        = "Nucl. Phys.",
      volume         = "B484",
      year           = "1997",
      pages          = "303-330",
      doi            = "10.1016/S0550-3213(96)00567-6",
      eprint         = "hep-ph/9604313",
      archivePrefix  = "arXiv",
      primaryClass   = "hep-ph",
      reportNumber   = "ANL-HEP-25, ANL-HEP-PR-96-25, CERN-TH-96-75,
                        ITP-SB-96-17",
      SLACcitation   = "%%CITATION = HEP-PH/9604313;%%"
}

@article{Feynman:1970fm,
      author         = "Feynman, R. P.",
      title          = "{Partons}",
      booktitle      = "{Symposium on the Past Decade in Particle Theory Austin,
                        Tex., April 14-17, 1970}",
      journal        = "Conf. Proc.",
      volume         = "C700414",
      year           = "1970",
      pages          = "773-813",
      SLACcitation   = "%%CITATION = CONFP,C700414,773;%%"
}

@article{PhysRev.179.1547,
  title = "{Asymptotic Sum Rules at Infinite Momentum}",
  author = {Bjorken, J. D.},
  journal = {Phys. Rev.},
  volume = {179},
  issue = {5},
  pages = {1547--1553},
  numpages = {0},
  year = {1969},
  month = {Mar},
  publisher = {American Physical Society},
  doi = {10.1103/PhysRev.179.1547},
  url = {https://link.aps.org/doi/10.1103/PhysRev.179.1547}
}

@article{Bloom:1969kc,
      author         = "Bloom, Elliott D. and others",
      title          = "{High-Energy Inelastic e p Scattering at 6-Degrees and
                        10-Degrees}",
      journal        = "Phys. Rev. Lett.",
      volume         = "23",
      year           = "1969",
      pages          = "930-934",
      doi            = "10.1103/PhysRevLett.23.930",
      reportNumber   = "SLAC-PUB-0642",
      SLACcitation   = "%%CITATION = PRLTA,23,930;%%"
}

@article{Kidonakis:1997gm,
      author         = "Kidonakis, Nikolaos and Sterman, George F.",
      title          = "{Resummation for QCD hard scattering}",
      journal        = "Nucl. Phys.",
      volume         = "B505",
      year           = "1997",
      pages          = "321-348",
      doi            = "10.1016/S0550-3213(97)00506-3",
      eprint         = "hep-ph/9705234",
      archivePrefix  = "arXiv",
      primaryClass   = "hep-ph",
      reportNumber   = "EDINBURGH-97-3, ITP-SB-97-24",
      SLACcitation   = "%%CITATION = HEP-PH/9705234;%%"
}

@article{Collins:1989bt,
      author         = "Collins, John C.",
      title          = "{Sudakov form-factors}",
      journal        = "Adv. Ser. Direct. High Energy Phys.",
      volume         = "5",
      year           = "1989",
      pages          = "573-614",
      doi            = "10.1142/9789814503266_0006",
      eprint         = "hep-ph/0312336",
      archivePrefix  = "arXiv",
      primaryClass   = "hep-ph",
      SLACcitation   = "%%CITATION = HEP-PH/0312336;%%"
}

@article{PhysRevD.24.3281,
  title = {Asymptotic behavior of the Sudakov form factor in quantum chromodynamics},
  author = {Sen, Ashoke},
  journal = {Phys. Rev. D},
  volume = {24},
  issue = {12},
  pages = {3281--3304},
  numpages = {0},
  year = {1981},
  month = {Dec},
  publisher = {American Physical Society},
  doi = {10.1103/PhysRevD.24.3281},
  url = {https://link.aps.org/doi/10.1103/PhysRevD.24.3281}
}

@article{GOEKE200590,
title = "Parameterization of the quarkâ€“quark correlator of a spin-12 hadron",
journal = "Physics Letters B",
volume = "618",
number = "1",
pages = "90 - 96",
year = "2005",
issn = "0370-2693",
doi = "https://doi.org/10.1016/j.physletb.2005.05.037",
url = "http://www.sciencedirect.com/science/article/pii/S0370269305006763",
author = "K. Goeke and A. Metz and M. Schlegel",
abstract = "The general parameterization of the quarkâ€“quark correlation function for a spin-12 hadron is considered. The presence of the Wilson line ensuring color gauge invariance of the correlator induces structures that were not given explicitly in the existing literature. In particular, the general form of the transverse momentum dependent correlator entering various hard scattering processes is derived. In this case two new time-reversal odd parton distributions appear at the twist-3 level."
}

@article{RALSTON1979109,
title = "Production of dimuons from high-energy polarized proton-proton collisions",
journal = "Nuclear Physics B",
volume = "152",
number = "1",
pages = "109 - 124",
year = "1979",
issn = "0550-3213",
doi = "https://doi.org/10.1016/0550-3213(79)90082-8",
url = "http://www.sciencedirect.com/science/article/pii/0550321379900828",
author = "John P. Ralston and Davidson E. Soper",
abstract = "The high-energy process p+pâ†’Î¼++Î¼âˆ’+X for dimuons with large invariant mass is studied in the case that the protons are polarized. In general, the cross section dÏƒ/dQ2dydÎ© is determined by nine structure functions, and several interesting correlations between the polarization direction and the observed cross section are possible. In the Drell-Yan parton model for the process, the structure of the cross section is much simpler: there are six linear relations among the structure functions. An experimental test of these relations would provide a stringent test of the Drell-Yan model."
}

@article{Mulders:2001jz,
      author         = "Mulders, P. J.",
      title          = "{Azimuthal and spin asymmetries in DIS}",
      booktitle      = "{Symmetries and spin. Proceedings, Advanced Study
                        Institute, PRAHA-SPIN 2001, Prague, Czech Republic, July
                        15-28, 2001}",
      journal        = "Czech. J. Phys.",
      volume         = "52",
      year           = "2002",
      pages          = "C27-C54",
      doi            = "10.1007/s10582-002-0095-z",
      eprint         = "hep-ph/0112225",
      archivePrefix  = "arXiv",
      primaryClass   = "hep-ph",
      SLACcitation   = "%%CITATION = HEP-PH/0112225;%%"
}

@article{PhysRevD.98.030001,
  title = {Review of Particle Physics},
  author = {Tanabashi, M. and Hagiwara, K. and Hikasa, K. and Nakamura, K. and Sumino, Y. and Takahashi, F. and Tanaka, J. and Agashe, K. and Aielli, G. and Amsler, C. and Antonelli, M. and Asner, D. M. and Baer, H. and Banerjee, Sw. and Barnett, R. M. and Basaglia, T. and Bauer, C. W. and Beatty, J. J. and Belousov, V. I. and Beringer, J. and Bethke, S. and Bettini, A. and Bichsel, H. and Biebel, O. and Black, K. M. and Blucher, E. and Buchmuller, O. and Burkert, V. and Bychkov, M. A. and Cahn, R. N. and Carena, M. and Ceccucci, A. and Cerri, A. and Chakraborty, D. and Chen, M.-C. and Chivukula, R. S. and Cowan, G. and Dahl, O. and D'Ambrosio, G. and Damour, T. and de Florian, D. and de Gouv\^ea, A. and DeGrand, T. and de Jong, P. and Dissertori, G. and Dobrescu, B. A. and D'Onofrio, M. and Doser, M. and Drees, M. and Dreiner, H. K. and Dwyer, D. A. and Eerola, P. and Eidelman, S. and Ellis, J. and Erler, J. and Ezhela, V. V. and Fetscher, W. and Fields, B. D. and Firestone, R. and Foster, B. and Freitas, A. and Gallagher, H. and Garren, L. and Gerber, H.-J. and Gerbier, G. and Gershon, T. and Gershtein, Y. and Gherghetta, T. and Godizov, A. A. and Goodman, M. and Grab, C. and Gritsan, A. V. and Grojean, C. and Groom, D. E. and Gr\"unewald, M. and Gurtu, A. and Gutsche, T. and Haber, H. E. and Hanhart, C. and Hashimoto, S. and Hayato, Y. and Hayes, K. G. and Hebecker, A. and Heinemeyer, S. and Heltsley, B. and Hern\'andez-Rey, J. J. and Hisano, J. and H\"ocker, A. and Holder, J. and Holtkamp, A. and Hyodo, T. and Irwin, K. D. and Johnson, K. F. and Kado, M. and Karliner, M. and Katz, U. F. and Klein, S. R. and Klempt, E. and Kowalewski, R. V. and Krauss, F. and Kreps, M. and Krusche, B. and Kuyanov, Yu. V. and Kwon, Y. and Lahav, O. and Laiho, J. and Lesgourgues, J. and Liddle, A. and Ligeti, Z. and Lin, C.-J. and Lippmann, C. and Liss, T. M. and Littenberg, L. and Lugovsky, K. S. and Lugovsky, S. B. and Lusiani, A. and Makida, Y. and Maltoni, F. and Mannel, T. and Manohar, A. V. and Marciano, W. J. and Martin, A. D. and Masoni, A. and Matthews, J. and Mei\ss{}ner, U.-G. and Milstead, D. and Mitchell, R. E. and M\"onig, K. and Molaro, P. and Moortgat, F. and Moskovic, M. and Murayama, H. and Narain, M. and Nason, P. and Navas, S. and Neubert, M. and Nevski, P. and Nir, Y. and Olive, K. A. and Pagan Griso, S. and Parsons, J. and Patrignani, C. and Peacock, J. A. and Pennington, M. and Petcov, S. T. and Petrov, V. A. and Pianori, E. and Piepke, A. and Pomarol, A. and Quadt, A. and Rademacker, J. and Raffelt, G. and Ratcliff, B. N. and Richardson, P. and Ringwald, A. and Roesler, S. and Rolli, S. and Romaniouk, A. and Rosenberg, L. J. and Rosner, J. L. and Rybka, G. and Ryutin, R. A. and Sachrajda, C. T. and Sakai, Y. and Salam, G. P. and Sarkar, S. and Sauli, F. and Schneider, O. and Scholberg, K. and Schwartz, A. J. and Scott, D. and Sharma, V. and Sharpe, S. R. and Shutt, T. and Silari, M. and Sj\"ostrand, T. and Skands, P. and Skwarnicki, T. and Smith, J. G. and Smoot, G. F. and Spanier, S. and Spieler, H. and Spiering, C. and Stahl, A. and Stone, S. L. and Sumiyoshi, T. and Syphers, M. J. and Terashi, K. and Terning, J. and Thoma, U. and Thorne, R. S. and Tiator, L. and Titov, M. and Tkachenko, N. P. and T\"ornqvist, N. A. and Tovey, D. R. and Valencia, G. and Van de Water, R. and Varelas, N. and Venanzoni, G. and Verde, L. and Vincter, M. G. and Vogel, P. and Vogt, A. and Wakely, S. P. and Walkowiak, W. and Walter, C. W. and Wands, D. and Ward, D. R. and Wascko, M. O. and Weiglein, G. and Weinberg, D. H. and Weinberg, E. J. and White, M. and Wiencke, L. R. and Willocq, S. and Wohl, C. G. and Womersley, J. and Woody, C. L. and Workman, R. L. and Yao, W.-M. and Zeller, G. P. and Zenin, O. V. and Zhu, R.-Y. and Zhu, S.-L. and Zimmermann, F. and Zyla, P. A. and Anderson, J. and Fuller, L. and Lugovsky, V. S. and Schaffner, P.},
  collaboration = {Particle Data Group},
  journal = {Phys. Rev. D},
  volume = {98},
  issue = {3},
  pages = {030001},
  numpages = {1898},
  year = {2018},
  month = {Aug},
  publisher = {American Physical Society},
  doi = {10.1103/PhysRevD.98.030001},
  url = {https://link.aps.org/doi/10.1103/PhysRevD.98.030001}
}

@article{Korchemsky:1987wg,
      author         = "Korchemsky, G. P. and Radyushkin, A. V.",
      title          = "{Renormalization of the Wilson Loops Beyond the Leading
                        Order}",
      journal        = "Nucl. Phys.",
      volume         = "B283",
      year           = "1987",
      pages          = "342-364",
      doi            = "10.1016/0550-3213(87)90277-X",
      SLACcitation   = "%%CITATION = NUPHA,B283,342;%%"
}


@article{pal2007representationindependent,
    author = "Pal, Palash B.",
    title = "{Representation-independent manipulations with Dirac spinors}",
    eprint = "physics/0703214",
    archivePrefix = "arXiv",
    month = "3",
    year = "2007"
}

@article{Ji_2005,
   title={Transverse-momentum-dependent gluon distributions and semi-inclusive processes at hadron colliders},
   volume={2005},
   ISSN={1029-8479},
   url={http://dx.doi.org/10.1088/1126-6708/2005/07/020},
   DOI={10.1088/1126-6708/2005/07/020},
   number={07},
   journal={Journal of High Energy Physics},
   publisher={Springer Science and Business Media LLC},
   author={Ji, Xiangdong and Ma, Jian-Ping and Yuan, Feng},
   year={2005},
   month={Jul},
   pages={020â€“020}
}

@article{Dominguez_2011,
   title="{Universality of unintegrated gluon distributions at small x}",
   volume={83},
   ISSN={1550-2368},
   url={http://dx.doi.org/10.1103/PhysRevD.83.105005},
   DOI={10.1103/physrevd.83.105005},
   number={10},
   journal={Physical Review D},
   publisher={American Physical Society (APS)},
   author={Dominguez, Fabio and Marquet, Cyrille and Xiao, Bo-Wen and Yuan, Feng},
   year={2011},
   month={May}
}

@article{TAVARES_1994,
   title="{Chen Integrals, Generalized Loops and Loop Calculus}",
   volume={09},
   ISSN={1793-656X},
   url={http://dx.doi.org/10.1142/S0217751X94001795},
   DOI={10.1142/s0217751x94001795},
   number={26},
   journal={International Journal of Modern Physics A},
   publisher={World Scientific Pub Co Pte Lt},
   author={Tavares, J.N.},
   year={1994},
   month={Oct},
   pages={4511â€“4548}
}

@article{CASELLE_2000,
   title="{Lattice Gauge Theories and the AdS/CFT Correspondence}",
   volume={15},
   ISSN={1793-656X},
   url={http://dx.doi.org/10.1142/S0217751X00002044},
   DOI={10.1142/s0217751x00002044},
   number={25},
   journal={International Journal of Modern Physics A},
   publisher={World Scientific Pub Co Pte Lt},
   author={Caselle, M.},
   year={2000},
   month={Oct},
   pages={3901â€“3966}
}

@article{chen1977,
    author = "Chen, Kuo Tsai",
    fjournal = "Bulletin of the American Mathematical Society",
    journal = "Bull. Amer. Math. Soc.",
    month = "09",
    number = "5",
    pages = "831--879",
    publisher = "American Mathematical Society",
    title = "Iterated Path Integrals",
    url = "https://projecteuclid.org:443/euclid.bams/1183539443",
    doi = "10.1090/S0002-9904-1977-14320-6",
    volume = "83",
    year = "1977"
}



@book{Peskin:257493,
      author        = "Peskin, Michael E and Schroeder, Daniel V",
      title         = "{An Introduction to Quantum Field Theory}",
      publisher     = "Westview",
      address       = "Boulder, CO",
      year          = "1995",
      url           = "https://cds.cern.ch/record/257493",
      note          = "Includes exercises",
}

@book{Schwartz:2013pla,
    author = "Schwartz, Matthew D.",
    title = "{Quantum Field Theory and the Standard Model}",
    isbn = "978-1-107-03473-0, 978-1-107-03473-0",
    publisher = "Cambridge University Press",
    year = "2014"
}

@book{Maggiore:2005qv,
    author = "Maggiore, Michele",
    title = "{A Modern Introduction to Quantum Field Theory}",
    publisher="Oxford University Press",
    year = "2005"
}

@article{DOTSENKO1980527,
    title = "{Renormalizability of phase factors in non-abelian gauge theory}",
    journal = "Nuclear Physics B",
    volume = "169",
    number = "5",
    pages = "527 - 546",
    year = "1980",
    issn = "0550-3213",
    doi = "https://doi.org/10.1016/0550-3213(80)90103-0",
    url = "http://www.sciencedirect.com/science/article/pii/0550321380901030",
    author = "V.S. Dotsenko and S.N. Vergeles",
    abstract = "The phase factor PÌ‚ exp(eâˆ³C AÎ¼ d xÎ¼) = Ïˆ(C) for Yang-Mills theory is studied. The renormalizability of this phase factor is proved."
}

@article{POLYAKOV1980171,
title = "Gauge fields as rings of glue",
journal = "Nuclear Physics B",
volume = "164",
pages = "171 - 188",
year = "1980",
issn = "0550-3213",
doi = "https://doi.org/10.1016/0550-3213(80)90507-6",
url = "http://www.sciencedirect.com/science/article/pii/0550321380905076",
author = "A.M. Polyakov",
abstract = "In this paper we take the view that gauge fields can be considered as chiral fields on a loop space, both in classical and in quantum theories. As a result, gauge interactions are interpreted as propagation of the infinitely thin rings formed by the lines of color-electric flux. Equations of motion governing this propagation are derived. In the three-dimensional case some higher conserved currents in the loop space are obtained, indicating that hidden symmetry is present in the theory. In the four-dimensional case the question of hidden symmetry remains unclear. Ward identities in the loop space are obtained and their mathematical structure is investigated. Possible extensions and applications of these results are discussed."
}

@article{KORCHEMSKAYA1992169,
title = "On light-like Wilson loops",
journal = "Physics Letters B",
volume = "287",
number = "1",
pages = "169 - 175",
year = "1992",
issn = "0370-2693",
doi = "https://doi.org/10.1016/0370-2693(92)91895-G",
url = "http://www.sciencedirect.com/science/article/pii/037026939291895G",
author = "I.A. Korchemskaya and G.P. Korchemsky",
abstract = "The renormalization of the vacuum averaged Wilson loop evaluated along the path containing the light-like segments is performed. It is found that the renormalized Wilson loop obeys an evolution equation well known in perturbative QCD. The kernel of this equation coincides with the Brodsky-Lepage evolution kernel VBL (x, y) taken in the limit x â†’ y."
}

@article{article,
    author = "Gardi, Einan and Smillie, Jennifer M. and White, Chris D.",
    title = "{On the renormalization of multiparton webs}",
    eprint = "1108.1357",
    archivePrefix = "arXiv",
    primaryClass = "hep-ph",
    reportNumber = "EDINBURGH-2011-20",
    doi = "10.1007/JHEP09(2011)114",
    journal = "JHEP",
    volume = "09",
    pages = "114",
    year = "2011"
}

@article{KORCHEMSKY1986459,
    title = "{Loop-space formalism and renormalization group for the infrared asymptotics of QCD}",
    journal = "Physics Letters B",
    volume = "171",
    number = "4",
    pages = "459 - 467",
    year = "1986",
    issn = "0370-2693",
    doi = "https://doi.org/10.1016/0370-2693(86)91439-5",
    url = "http://www.sciencedirect.com/science/article/pii/0370269386914395",
    author = "G.P. Korchemsky and A.V. Radyushkin",
    abstract = "It is demonstrated that the IR asymptotics of an arbitrary hard process of perturbative QCD can be factorized out into the superposition of vacuum averages of path-ordered exponentials, the IR singularities of which are shown to be in a one-to-one correspondence with the UV ones, thus allowing one to apply renormalization group methods to study the IR asymptotics of perturbative QCD. The anomalous dimension Î“cusp of the relevant RG equation is calculated up to two loops."
}

@article{Korchemsky:1988si,
    author = "Korchemsky, G.P.",
    title = "{Asymptotics of the Altarelli-Parisi-Lipatov Evolution Kernels of Parton Distributions}",
    reportNumber = "JINR-E2-88-717",
    doi = "10.1142/S0217732389001453",
    journal = "Mod. Phys. Lett. A",
    volume = "4",
    pages = "1257--1276",
    year = "1989"
}

@article{Sterman78,
  title = "{Mass divergences in annihilation processes. Origin and nature of divergences in cut vacuum polarization diagrams}",
  author = {Sterman, George},
  journal = {Phys. Rev. D},
  volume = {17},
  issue = {10},
  pages = {2773--2788},
  numpages = {0},
  year = {1978},
  month = {May},
  publisher = {American Physical Society},
  doi = {10.1103/PhysRevD.17.2773},
  url = {https://link.aps.org/doi/10.1103/PhysRevD.17.2773}
}

@inproceedings{Laenen2000power,
    author = "Laenen, Eric and Sterman, George F. and Vogelsang, Werner",
    title = "{Power corrections in eikonal cross-sections}",
    booktitle = "{30th International Conference on High-Energy Physics}",
    eprint = "hep-ph/0010183",
    archivePrefix = "arXiv",
    reportNumber = "NIKHEF-00-31, YITP-SB-00-60, BNL-HET-00-38, RBREC-144",
    pages = "1411--1413",
    month = "7",
    year = "2000"
}

@article{KORCHEMSKY1993433,
    title = "{Resummation of large infrared corrections using Wilson loops}",
    journal = "Physics Letters B",
    volume = "313",
    number = "3",
    pages = "433 - 440",
    year = "1993",
    issn = "0370-2693",
    doi = "https://doi.org/10.1016/0370-2693(93)90015-A",
    url = "http://www.sciencedirect.com/science/article/pii/037026939390015A",
    author = "G.P. Korchemsky and G. Marchesini",
    abstract = "We discuss a method to resum systematically large soft gluon corrections to hard hadronic cross sections such as the structure function F(x, Q2) for x â†’ 1. We show that all singularities as x â†’ 1 are factorized into a Wilson loop expectation value which is a function of the ratio of the infrared scale (1âˆ’x)Q2 and the short distance cutoff Î¼2 introduced by the factorization procedure. Thus we obtain the x â†’ 1 behavior by studying the appropriate renormalization group equation which controls the Î¼-dependence of Wilson loops. Next-to-leading corrections are calculated. The method can be generalized to other distributions."
}

@mastersthesis{rikkert,
    author = "Frederix, Rikkert",
    title = "{Wilson Lines in QCD}",
    year = "2005",
    school = "Nikhef",
    pages = {},
}

@article{Laenen:2004pm,
    author = "Laenen, Eric",
    title = "{Resummation for observables at TeV colliders}",
    doi = "10.1007/BF02704892",
    journal = "Pramana",
    volume = "63",
    pages = "1225--1249",
    year = "2004"
}

@phdthesis{Berger_2002,
    author = "Berger, Carola Friederike",
    title = "{Soft gluon exponentiation and resummation}",
    eprint = "hep-ph/0305076",
    archivePrefix = "arXiv",
    reportNumber = "YITP-SB-03-17, UMI-30-98812",
    school = "Stony Brook",
    year = "2003"
}


@article{Catani:1998,
    author = "Catani, Stefano and Mangano, Michelangelo L. and Nason, Paolo",
    title = "{Sudakov resummation for prompt photon production in hadron collisions}",
    eprint = "hep-ph/9806484",
    archivePrefix = "arXiv",
    reportNumber = "CERN-TH-98-214",
    doi = "10.1088/1126-6708/1998/07/024",
    journal = "JHEP",
    volume = "07",
    pages = "024",
    year = "1998"
}

@article{MAGNEA1991703,
title = "All-order summation and two-loop results for the Drell-Yan cross section",
journal = "Nuclear Physics B",
volume = "349",
number = "3",
pages = "703 - 713",
year = "1991",
issn = "0550-3213",
doi = "https://doi.org/10.1016/0550-3213(91)90393-C",
url = "http://www.sciencedirect.com/science/article/pii/055032139190393C",
author = "Lorenzo Magnea",
abstract = "We compare the hard part of the Drell-Yan cross section calculated at two loops by Matsuura, van der Marck and van Neerven with the predictions obtained by using resummation techniques. We observe that the convergence of the resummed expression is very good for leading and next-to-leading logarithms, and we suggest that there is room for improvement in the understanding of the remaining singular terms. Nonetheless, we find that the resummed expression predicts the two-loop K-factor with impressive accuracy."
}

@book{sterman_1993, 
    place={Cambridge}, 
    title={An Introduction to Quantum Field Theory}, 
    publisher={Cambridge University Press}, 
    author={Sterman, George},
    year={1993.}
}

@article{Vogt_2005,
    author = "Vogt, A.",
    title = "{Efficient evolution of unpolarized and polarized parton distributions with QCD-PEGASUS}",
    eprint = "hep-ph/0408244",
    archivePrefix = "arXiv",
    reportNumber = "NIKHEF-04-011",
    doi = "10.1016/j.cpc.2005.03.103",
    journal = "Comput. Phys. Commun.",
    volume = "170",
    pages = "65--92",
    year = "2005"
}


@book{Carroll:2004st,
    author = "Carroll, Sean M.",
    title = "{Spacetime and Geometry}",
    isbn = "978-0-8053-8732-2, 978-1-108-48839-6, 978-1-108-77555-7",
    publisher = "Cambridge University Press",
    year = "2019"
}

@book{Zee:2016fuk,
    author = "Zee, A.",
    title = "{Group Theory in a Nutshell for Physicists}",
    isbn = "978-0-691-16269-0, 978-0-691-16269-0, 978-1-4008-8118-5",
    publisher = "Princeton University Press",
    address = "USA",
    year = "2016"
}

@book{Hamilton:2017gbn,
    author = "Hamilton, Mark, J.D.",
    title = "{Mathematical Gauge Theory}: {With Applications to the Standard Model of Particle Physics}",
    isbn = "978-3-319-68438-3, 978-3-319-68439-0",
    publisher = "Springer International Publishing",
    address = "Cham",
    series = "Universitext",
    year = "2017"
}

@book{Cherednikov:2019npt,
    author = "Cherednikov, Igor Olegovich and Mertens, Tom and Van der Veken, Frederik",
    title = "{Wilson Lines in Quantum Field Theory}",
    isbn = "978-3-11-065169-0, 978-3-11-065103-4, 978-3-11-065092-1",
    publisher = "De Gruyter",
    series = "De Gruyter Studies in Mathematical Physics",
    volume = "24",
    year = "2020"
}

@article{Wilson:74,
  title = {Confinement of quarks},
  author = {Wilson, Kenneth G.},
  journal = {Phys. Rev. D},
  volume = {10},
  issue = {8},
  pages = {2445--2459},
  numpages = {0},
  year = {1974},
  month = {Oct},
  publisher = {American Physical Society},
  doi = {10.1103/PhysRevD.10.2445},
  url = {https://link.aps.org/doi/10.1103/PhysRevD.10.2445}
}

@article{MIGDAL1983199,
title = "Loop equations and 1N expansion",
journal = "Physics Reports",
volume = "102",
number = "4",
pages = "199 - 290",
year = "1983",
issn = "0370-1573",
doi = "https://doi.org/10.1016/0370-1573(83)90076-5",
url = "http://www.sciencedirect.com/science/article/pii/0370157383900765",
author = "A.A. Migdal"
}



@article{Kinoshita:1975bt,
    author = "Kinoshita, T. and Ukawa, A.",
    editor = "Araki, Huzihiro",
    title = "{Mass Singularities of Feynman Amplitudes}",
    doi = "10.1007/BFb0013300",
    journal = "Lect. Notes Phys.",
    volume = "39",
    pages = "55--58",
    year = "1975"
}

@article{Lee:1964is,
    author = "Lee, T.D. and Nauenberg, M.",
    editor = "Feinberg, G.",
    title = "{Degenerate Systems and Mass Singularities}",
    doi = "10.1103/PhysRev.133.B1549",
    journal = "Phys. Rev.",
    volume = "133",
    pages = "B1549--B1562",
    year = "1964"
}

@article{inbook,
    author = {Schottenloher, Martin},
    title = "{Axioms of Relativistic Quantum Field Theory}",
    journal = "Lecture Notes in Physics",
    year = {2008},
    pages = {},
    volume = {759},
}

@inproceedings{Wightman:1967jda,
    author = "Wightman, A.S.",
    title = "{Introduction to some aspects of the relativistic of dynamics of quantized fields}",
    booktitle = "{CargÃ¨se Lectures in Theoretical Physics : Summer School on Theoretical Physics}",
    pages = "171--192",
    year = "1967"
}

@phdthesis{klaczynski2016haags,
    author = "Klaczynski, Lutz",
    title = "{Haag's theorem in renormalised quantum field theories}",
    eprint = "1602.00662",
    archivePrefix = "arXiv",
    primaryClass = "hep-th",
    school = "Humboldt U., Berlin",
    year = "2016"
}

@article{Faddeev:1967fc,
    author = "Faddeev, L.D. and Popov, V.N.",
    editor = "Hsu, Jong-Ping and Fine, D.",
    title = "{Feynman Diagrams for the Yang-Mills Field}",
    doi = "10.1016/0370-2693(67)90067-6",
    journal = "Phys. Lett. B",
    volume = "25",
    pages = "29--30",
    year = "1967"
}

@article{Lehmann:1954rq,
    author = "Lehmann, H. and Symanzik, K. and Zimmermann, W.",
    title = "{On the formulation of quantized field theories}",
    doi = "10.1007/BF02731765",
    journal = "Nuovo Cim.",
    volume = "1",
    pages = "205--225",
    year = "1955"
}

@article{whalley2005les,
    title="{The Les Houches Accord PDFs (LHAPDF) and Lhaglue}",
    author={M. R. Whalley and D. Bourilkov and R. C. Group},
    year={2005},
    eprint="{hep-ph/0508110}",
    archivePrefix="{arXiv}",
    primaryClass="{hep-ph}"
}

@article{Buckley_2015,
    author = "Buckley, Andy and Ferrando, James and Lloyd, Stephen and NordstrÃ¶m, Karl and Page, Ben and RÃ¼fenacht, Martin and SchÃ¶nherr, Marek and Watt, Graeme",
    title = "{LHAPDF6: parton density access in the LHC precision era}",
    eprint = "1412.7420",
    archivePrefix = "arXiv",
    primaryClass = "hep-ph",
    reportNumber = "GLAS-PPE-2014-05, MCNET-14-29, IPPP-14-111, DCPT-14-222",
    doi = "10.1140/epjc/s10052-015-3318-8",
    journal = "Eur. Phys. J. C",
    volume = "75",
    pages = "132",
    year = "2015"
}

@article{Martin:2009,
    author = "Martin, A.D. and Stirling, W.J. and Thorne, R.S. and Watt, G.",
    title = "{Parton distributions for the LHC}",
    eprint = "0901.0002",
    archivePrefix = "arXiv",
    primaryClass = "hep-ph",
    reportNumber = "IPPP-08-95, DCPT-08-190, CAVENDISH-HEP-08-16",
    doi = "10.1140/epjc/s10052-009-1072-5",
    journal = "Eur. Phys. J. C",
    volume = "63",
    pages = "189--285",
    year = "2009"
}



@article{Pumplin:2002,
    author = "Pumplin, J. and Stump, D.R. and Huston, J. and Lai, H.L. and Nadolsky, Pavel M. and Tung, W.K.",
    title = "{New generation of parton distributions with uncertainties from global QCD analysis}",
    eprint = "hep-ph/0201195",
    archivePrefix = "arXiv",
    reportNumber = "MSU-HEP-011101",
    doi = "10.1088/1126-6708/2002/07/012",
    journal = "JHEP",
    volume = "07",
    pages = "012",
    year = "2002"
}


@phdthesis{VanderVeken:2014raa,
    author = "Van der Veken, Frederik",
    title = "{Wilson lines, applications in QCD}",
    school = "Antwerp U.",
    month = "12",
    year = "2014"
}

@book{Nakahara:2003nw,
    author = "Nakahara, M.",
    publisher = "Institute of Physics Publishing",
    title = "{Geometry, Topology and Physics}",
    year = "2003"
}

@book{Srednicki:2007qs,
    author = "Srednicki, M.",
    title = "{Quantum field theory}",
    isbn = "978-0-521-86449-7, 978-0-511-26720-8",
    publisher = "Cambridge University Press",
    month = "1",
    year = "2007"
}

@article{Weinberg:1972rt,
    author = "Weinberg, Steven",
    title = "{Exponentiation and sum rules}",
    doi = "10.1016/0370-2693(71)90354-6",
    journal = "Phys. Lett. B",
    volume = "37",
    pages = "494--496",
    year = "1971"
}

@article{Sirunyan:2018owv,
    author = "Sirunyan, Albert M and others",
    collaboration = "CMS",
    title = "{Measurement of the differential Drell-Yan cross section in proton-proton collisions at $ \sqrt{\mathrm{s}} $ = 13 TeV}",
    eprint = "1812.10529",
    archivePrefix = "arXiv",
    primaryClass = "hep-ex",
    reportNumber = "CMS-SMP-17-001, CERN-EP-2018-320",
    doi = "10.1007/JHEP12(2019)059",
    journal = "JHEP",
    volume = "12",
    pages = "059",
    year = "2019"
}

@article{Banfi:2011dm,
    author = "Banfi, Andrea and Dasgupta, Mrinal and Marzani, Simone and Tomlinson, Lee",
    title = "{Probing the low transverse momentum domain of Z production with novel variables}",
    eprint = "1110.4009",
    archivePrefix = "arXiv",
    primaryClass = "hep-ph",
    reportNumber = "DCPT-11-122, IPPP-11-61, MAN-HEP-2011-15",
    doi = "10.1007/JHEP01(2012)044",
    journal = "JHEP",
    volume = "01",
    pages = "044",
    year = "2012"
}

@article{Lai:2010vv,
    author = "Lai, Hung-Liang and Guzzi, Marco and Huston, Joey and Li, Zhao and Nadolsky, Pavel M. and Pumplin, Jon and Yuan, C.-P.",
    title = "{New parton distributions for collider physics}",
    eprint = "1007.2241",
    archivePrefix = "arXiv",
    primaryClass = "hep-ph",
    reportNumber = "MSUHEP-100707, SMU-HEP-10-10",
    doi = "10.1103/PhysRevD.82.074024",
    journal = "Phys. Rev. D",
    volume = "82",
    pages = "074024",
    year = "2010"
}